<?xml version="1.0" encoding="UTF-8"?><collection xmlns="http://www.loc.gov/MARC21/slim"><record><leader>00393nam--2200133-i-4500</leader><controlfield tag="001">000042801</controlfield><controlfield tag="002">20161230</controlfield><controlfield tag="005">20161230201043</controlfield><controlfield tag="008">060222s1000------------r-----000-0-eng-d</controlfield><datafield ind1=" " ind2=" " tag="080"><subfield code="a">531.717.1</subfield></datafield><datafield ind1=" " ind2=" " tag="100"><subfield code="a">Steiger,H.N. And Westermark,T</subfield></datafield><datafield ind1=" " ind2=" " tag="245"><subfield code="a">Investigations on the gamma and x radiation of tm-170 for thikness measurement purposes</subfield></datafield><datafield ind1=" " ind2=" " tag="260"><subfield code="a">Stockholm, H.Lindstahls, 1957</subfield></datafield><datafield ind1=" " ind2=" " tag="852"><subfield code="a">13117</subfield></datafield></record></collection>